% lua-widow-control
% https://github.com/gucci-on-fleek/lua-widow-control
% SPDX-License-Identifier: MPL-2.0+ OR CC-BY-SA-4.0+
% SPDX-FileCopyrightText: 2022 Max Chernoff

@book{texbook,
    author = {Donald E. Knuth},
    title = {The \TeX{}Book},
    year = {2020},
    publisher = {Addison--Wesley},
    url = {https://ctan.org/pkg/texbook}
}

@book{elements,
    title = {The Elements of Typographic Style},
    author = {Robert Bringhurst},
    edition = {3rd},
    publisher = {Hartley \& Marks},
    year = {2004},
}

@article{global,
    doi = {10.1111/coin.12165},
    year = {2018},
    month = mar,
    publisher = {Wiley},
    volume = {35},
    number = {2},
    pages = {242--284},
    author = {Frank Mittelbach},
    title = {A general framework for globally optimized pagination},
    journal = {Computational Intelligence}
}

@phdthesis{plass,
    title={Optimal pagination techniques for automatic typesetting systems},
    author={Plass, Michael Frederick},
    year={1981},
    school={Stanford University},
    urlnewline=1,
    url={https://tug.org/docs/plass/plass-thesis.pdf}
}

@article{tugboat1,
    title={Automatically removing widows and orphans with
           {\tt lua-widow-control}},
    author={Chernoff, Max},
    journal={TUGboat},
    volume={43},
    number={1},
    year={2022},
    month=may,
    pages={28--39},
    DOI={10.47397/tb/43-1/tb133chernoff-widows},
}

@article{tugboat2,
    title={Updates to \sans{lua-widow-control}},
    author={Chernoff, Max},
    journal={TUGboat},
    volume={43},
    number={3},
    pages={340--342},
    year={2022},
    month=nov,
    DOI={10.47397/tb/43-3/tb135chernoff-lwc},
}

@article{zpravodaj,
    title={Automatically removing widows and orphans with
           \sans{lua-widow-control}},
    author={Chernoff, Max},
    journal={Zpravodaj Československého sdružení uživatelů TeXu},
    volume={2022},
    number={1--4},
    pages={49--76},
    year={2022},
    month=nov,
    DOI={10.5300/2022-1-4/49},
}
