../../../../docs/articles/lwc-zpravodaj.bib