../../../../docs/manual/lwc-manual.bib