../../../../docs/TUGboat/tb133chernoff-widows.bib