@book{texbook,
    author = {Donald E. Knuth},
    title = {The \TeX{}Book},
    year = {2013},
    edition = {19},
    publisher = {Addison--Wesley},
    location = {Westford, \acronym{MA}}
}
