% lua-widow-control
% https://github.com/gucci-on-fleek/lua-widow-control
% SPDX-License-Identifier: MPL-2.0+ OR CC-BY-SA-4.0+
% SPDX-FileCopyrightText: 2022 Max Chernoff

@book{texbook,
    author = {Donald E. Knuth},
    title = {The \TeX{}book},
    publisher = {Addison--Wesley},
    year = {2021},
}

@online{widows-and-orphans,
    author = {Frank Mittelbach},
    year = {2021},
    month = {03},
    title = {The \textsf{widows-and-orphans} package},
    url = {https://ctan.org/pkg/widows-and-orphans},
    urldate = {2022-11-08},
}

@online{widow-assist,
    author = {jeremie},
    title = {Paragraph callback to help with widows\slash orphans hand tuning},
    url = {https://tex.stackexchange.com/q/372062},
    year = {2017},
    month = {07},
    urldate = {2022-11-08},
}

@book{elements,
    title = {The Elements of Typographic Style},
    author = {Bringhurst, R.},
    edition = {3rd},
    publisher = {Hartley \& Marks},
    year = {2004},
}

@online{oed-club,
    title={club, n.},
    journal={OED Online},
    publisher={Oxford University Press},
    month={09},
    year={2021},
    url={https://www.oed.com/view/Entry/34788},
    author={{Oxford English Dictionary}},
    urldate = {2022-11-08},
}

@online{oed-line,
    title={line at end of paragraph},
    journal={OED Online},
    publisher={Oxford University Press},
    month={12},
    year={2021},
    url={https://www.oed.com/view/th/class/195380},
    author={{Oxford English Dictionary}},
    urldate = {2022-11-08},
}

@online{oed-widow,
    title={widow, n.},
    journal={OED Online},
    publisher={Oxford University Press},
    month={12},
    year={2021},
    url={https://www.oed.com/view/Entry/228912},
    author={{Oxford English Dictionary}},
    urldate = {2022-11-08},
}

@article{widowhistory,
  title={The Typographical Widow},
  subtitle={Who is she? What is she?},
  author={Karl Brown},
  journal={Bulletin of the {New York} Public Library},
  publisher={The {New York} Public Library},
  location={New York},
  volume={52},
  number={1},
  year={1948},
  month={01},
  pages={3--25},
  url={https://hdl.handle.net/2027/uc1.b3310084}
}

@article{widowhistory2,
  title={The Typographical Widow: Encore},
  subtitle={Encore},
  author={Karl Brown},
  journal={Bulletin of the {New York} Public Library},
  publisher={The {New York} Public Library},
  location={New York},
  volume={52},
  number={9},
  year={1948},
  month={09},
  pages={458-466},
  urlnewline=1,
  url={https://hdl.handle.net/2027/uc1.b3310084}
}

@book{old,
  title={Mechanick exercises},
  subtitle={The doctrine of handy-works applied to the art of printing},
  volume={2},
  author={Moxon, Joseph},
  year={1683},
  location={London},
  pages={394},
  url={https://archive.org/details/mechanickexercis00moxo_0}
}

@article{global,
  url = {https://doi.org/10.1111/coin.12165},
  year = {2018},
  month = {03},
  publisher = {Wiley},
  volume = {35},
  number = {2},
  pages = {242--284},
  author = {Frank Mittelbach},
  title = {A general framework for globally optimized pagination},
  journal = {Computational Intelligence}
}

@book{backwards1,
  title={The Layout Book},
  author={Ambrose, G. and Harris, P.},
  isbn={9782940373536},
  series={Advanced Level Series},
  year={2007},
  publisher={Bloomsbury Academic}
}

@book{backwards2,
  title={Typography Essentials Revised and Updated},
  subtitle={100 Design Principles for Working with Type},
  author={Saltz, I.},
  isbn={9781631596483},
  year={2019},
  publisher={Rockport Publishers}
}

@book{backwards3,
  title={Advanced Typography: From Knowledge to Mastery},
  author={Hunt, R.},
  isbn={9781350055926},
  lccn={2020024110},
  year={2020},
  publisher={Bloomsbury Publishing}
}

@article{gutenberg,
  title={All Books (sorted by popularity)},
  url={https://www.gutenberg.org/ebooks/search/?sort_order=downloads},
  year={2022},
  month={03},
  journal={Project Gutenberg}
}

@online{etex,
  title={The {\eTeX} manual},
  author={{The \NTS{} Team}},
  url={https://ctan.org/pkg/etex},
  year={1998},
  % month={02},
  urldate = {2022-11-08},
}

@phdthesis{plass,
  title={Optimal pagination techniques for automatic typesetting systems},
  author={Plass, Michael Frederick},
  year={1981},
  school={Stanford University},
  urlnewline=1,
  url={https://tug.org/docs/plass/plass-thesis.pdf}
}

@article{tb133chernoff-widows,
  title={Automatically removing widows and orphans with
          \texttt{lua-widow-control}},
  author={Chernoff, Max},
  journal={TUGboat},
  volume={43},
  number={1},
  pages={28--39},
  year={2022},
  month={05},
  DOI={10.47397/tb/43-1/tb133chernoff-widows},
}

@online{luametalatex,
  year={2022},
  month={10},
  url={https://github.com/zauguin/luametalatex},
  author={Marcel Krüger},
  title={\texttt{luametalatex}},
  urldate = {2022-11-08},
}

@Book{naruby,
  author =       "Petr Ol{\v{s}}{\'a}k",
  title =        "{\TeX}book naruby. [{\TeX}book inside out]",
  publisher =    "Konvoj",
  address =      "Brno, Czech Republic",
  pages =        "467",
  year =         "1997",
  ISBN =         "80-85615-64-9",
  ISBN-13 =      "978-80-85615-64-7",
  bibsource =    "http://www.math.utah.edu/pub/tex/bib/texbook3.bib",
  URL =          "https://petr.olsak.net/ftp/olsak/tbn/tbn.pdf",
}

@article{mittelbach,
  author =       "Frank Mittelbach",
  title =        "Managing forlorn paragraph lines (a.k.a.~widows and
                 orphans) in {\LaTeX}",
  journal =      "TUGboat",
  volume =       "39",
  number =       "3",
  pages =        "246--251",
  year =         "2018",
  ISSN =         "0896-3207",
  ISSN-L =       "0896-3207",
  URL =          "https://tug.org/TUGboat/tb39-3/tb123mitt-widows.pdf",
  issue =        "123",
}

@PHDTHESIS{thanh,
  author      = {Thành, Hàn Thế},
  title       = {Micro-typographic extensions to the \TeX{} typesetting system},
  date        = {2001},
  institution = {The Faculty of Informatics, Masaryk University},
  location    = {Brno},
  url         = {http://www.pragma-ade.nl/pdftex/thesis.pdf},
}
