% lua-widow-control
% https://github.com/gucci-on-fleek/lua-widow-control
% SPDX-License-Identifier: MPL-2.0+ OR CC-BY-SA-4.0+
% SPDX-FileCopyrightText: 2022 Max Chernoff

@book{texbook,
    author = {Donald E. Knuth},
    title = {The \TeX{}book},
    publisher = {Addison--Wesley},
    xurl = {https://ctan.org/pkg/texbook},
    year = {2021},
}

@misc{widows-and-orphans,
    urlnewline = 1,
    author = {Frank Mittelbach},
    year = {2021},
    month = {March},
    title = {The \textsf{widows-and-orphans} package},
    url = {https://ctan.org/pkg/widows-and-orphans},
}

@misc{widow-assist,
    author = {jeremie},
    title = {Paragraph callback to help with widows\slash orphans hand tuning},
    url = {https://tex.stackexchange.com/q/372062},
    year = {2017},
    month = {August},
}

@book{elements,
    title = {The Elements of Typographic Style},
    author = {Robert Bringhurst},
    edition = {3rd},
    publisher = {Hartley \& Marks},
    year = {2004},
}

@misc{oed-club,
    title={club, n.},
    journal={OED Online},
    publisher={Oxford University Press},
    month=sep,
    year={2021},
    url={www.oed.com/view/Entry/34788},
    author={{Oxford English Dictionary}}
}

@misc{oed-line,
    title={line at end of paragraph},
    journal={OED Online},
    publisher={Oxford University Press},
    urlnewline=1,
    url={https://www.oed.com/view/th/class/195380},
    author={{Oxford English Dictionary}}
}

@misc{oed-widow,
    title={widow, n.},
    journal={OED Online},
    publisher={Oxford University Press},
    month=dec,
    year={2021},
    url={www.oed.com/view/Entry/228912},
    author={{Oxford English Dictionary}}
}

@article{widowhistory,
    title={The Typographical Widow},
    subtitle={Who is she? What is she?},
    author={Karl Brown},
    journal={Bulletin of the {New York} Public Library},
    publisher={The {New York} Public Library},
    location={New York},
    volume={52},
    number={1},
    year={1948},
    month=jan,
    pages={3--25},
    url={https://hdl.handle.net/2027/uc1.b3310084}
}

@article{widowhistory2,
    title={The Typographical Widow: Encore},
    subtitle={Encore},
    author={Karl Brown},
    journal={Bulletin of the {New York} Public Library},
    publisher={The {New York} Public Library},
    location={New York},
    volume={52},
    number={9},
    year={1948},
    month=sep,
    pages={458-466},
    urlnewline=1,
    url={https://hdl.handle.net/2027/uc1.b3310084}
}

@book{old,
    title={Mechanick exercises},
    subtitle={The doctrine of handy-works applied to the art of printing},
    volume={\unskip~2,\gobble},
    author={Moxon, Joseph},
    year={1683},
    location={London},
    pages={394},
    publisher={\hspace*{-.66em}\gobble},
    url={https://archive.org/details/mechanickexercis00moxo_0}
}

@article{global,
    url = {https://doi.org/10.1111/coin.12165},
    year = {2018},
    month = mar,
    publisher = {Wiley},
    volume = {35},
    number = {2},
    pages = {242--284},
    author = {Frank Mittelbach},
    title = {A general framework for globally optimized pagination},
    journal = {Computational Intelligence}
}

@book{backwards1,
    title={The Layout Book},
    author={Ambrose, G. and Harris, P.},
    isbn={9782940373536},
    series={Advanced Level Series},
    year={2007},
    publisher={Bloomsbury Academic}
}

@book{backwards2,
    title={Typography Essentials Revised and Updated},
    subtitle={100 Design Principles for Working with Type},
    author={Saltz, I.},
    isbn={9781631596483},
    year={2019},
    publisher={Rockport Publishers}
}

@book{backwards3,
    title={Advanced Typography: From Knowledge to Mastery},
    author={Hunt, R.},
    isbn={9781350055926},
    lccn={2020024110},
    year={2020},
    publisher={Bloomsbury Publishing}
}

@article{gutenberg,
    title={All Books (sorted by popularity)},
    url={https://www.gutenberg.org/ebooks/search/?sort_order=downloads},
    year={2022},
    month=mar,
    journal={Project Gutenberg}
}

@misc{etex,
    title={The {\eTeX} manual},
    author={{The \NTS{} Team}},
    url={ctan.org/pkg/etex},
    year={1998},
    month=feb,
}

@String{j-TUGboat               = "TUGboat"}
@Article{xIsambert:TB31-1-12,
urlnewline = 1,
    author =       "Paul Isambert",
    title =        "Strategies against widows",
    journal =      j-TUGboat,
    volume =       "31",
    number =       "1",
    pages =        "12--17",
    year =         "2010",
    ISSN =         "0896-3207",
    ISSN-L =       "0896-3207",
    bibdate =      "Sun Nov 27 15:57:23 MST 2011",
    bibsource =    "http://www.math.utah.edu/pub/tex/bib/index-table-t.html#tugboat;
    http://www.math.utah.edu/pub/tex/bib/tugboat.bib",
    URL =          "https://tug.org/TUGboat/tb31-1/tb97isambert.pdf",
    acknowledgement = ack-bnb # " and " # ack-nhfb,
    fjournal =     "TUGboat",
    issue =        "97",
    journal-URL =  "https://tug.org/TUGboat/",
}

@Article{xThanh:2000:MTE,
urlnewline = 1,
    author =       "\Thanh",
    title =        "Micro-typographic extensions to the {\TeX} typesetting
    system",
    journal =      j-TUGboat,
    volume =       "21",
    number =       "4",
    pages =        "317--317",
    month =        dec,
    year =         "2000",
    CODEN =        "????",
    ISSN =         "0896-3207",
    ISSN-L =       "0896-3207",
    bibdate =      "Mon Aug 10 16:37:32 MDT 2020",
    bibsource =    "http://www.math.utah.edu/pub/tex/bib/tugboat.bib",
    URL =          "https://tug.org/TUGboat/tb21-4/tb69thanh.pdf",
    acknowledgement = ack-nhfb,
    fjournal =     "TUGboat",
    issue =        "69",
    journal-URL =  "https://tug.org/TUGboat/",
}

@phdthesis{plass,
    title={Optimal pagination techniques for automatic typesetting systems},
    author={Plass, Michael Frederick},
    year={1981},
    school={Stanford University},
    urlnewline=1,
    url={tug.org/docs/plass/plass-thesis.pdf}
}
